
@BOOK{Comrie1981,
  author = {Bernard Comrie},
  year = {1981},
  title = {Language Universals and Linguistic Typology},
  address = {Oxford},
  publisher = {Basil Blackwell}
}

@BOOK{Chomsky1957,
  author = {Noam Chomsky},
  year = {1957},
  title = {Syntactic structures},
  address = {The Hague},
  publisher = {Mouton} 
}

@BOOK{Chomsky1957b,
  author = {Noam Chomsky},
  year = {1957},
  title = {Syntactic structuress},
  address = {The Hague},
  publisher = {Mouton} 
}


@BOOK{Circov1900,
  author = {Ćircov, Boban},
  sortname={Circov},
  year = {1957},
  title = {Test book},
  address = {The Hague},
  publisher = {Mouton} 
}
 
@BOOK{MeierCircovac1900,
  author = {Meier, Hans and Ćircovac, Damir},
  year = {1957},
  title = {Toastbrot},
  address = {The Hague},
  publisher = {Mouton} 
}

@inproceedings{Meier2000,
author = {Robert Meier},
title = {The {AGGRO} Algorithm},
year = {2000},
conference = {LREC 10},
booktitle = {Proceedings of {LREC} 10},
address = {Olympus Mons},
pages = {111--114}
}

@book{Chomsky1965aspects,
author ={Chomsky, Noam},
year = {1965},
title = {Aspects of the Theory of Syntax},
address={Cambridge, Massachusetts},
publisher ={MIT Press}
}


@book{Chomsky1965cartesian,
author ={Chomsky, Noam},
year = {1965},
title = {Cartesian Linguistics: {{A}} Chapter in the History of Rationalist Thought},
address={New York},
publisher ={Harper \& Row}
}



@book{Url2001,
year = {1999},
author = {Ulli Urlheimer},
title = {Why {URLs} should be displayed for books},
address = {Urlhausen},
publisher = {Next thing up is the URL press},
url = {www.url.com},
urldate = {2014-11-21}
}

@book{ComplexYear2000,
year={2000--2002},
author = {Kom Plexius},
title = {Multi-year books are great fun},
address = {Alpha Centauri},
publisher = {Multi Year Press}
}



@book{bookwithnote,
author = {Tom Tester},
title ={Book with note},
address ={Address},
publisher ={Publisher},
note ={This is a note},
url ={www.url.com},
urldate ={2000-01-01},
doi={10234.54321},
year = {2000}
}

@article{articlewithnote,
author = {Tom Tester},
title ={Article with note},
address ={Address},
journal ={Journal of Testing},
volume = {23},
number ={2},
note ={This is a note},
url ={www.url.com},
urldate ={2000-01-01},
doi={10234.43210},
year = {2000}
}



@incollection{incollectionwithnote,
author = {Tom Tester},
title ={Chapter with note},
booktitle ={The book of testing},
pages ={23-42},
address ={Address},
publisher ={Publisher},
note ={This is a note},
url ={www.url.com},
urldate ={2000-01-01},
doi={10234.32145},
editor ={Mary Toaster and Jim Teaster},
year = {2000}
}

@inproceedings{inproceedingsnwithnote,
author = {Tom Tester},
title ={Proceeding paper with note},
booktitle ={Proceedings of {TEST} 2000},
note ={This is a note},
url ={www.url.com},
urldate ={2000-01-01},
doi={10234.32145},
year = {2000}
}


@misc{miscwithnote,
author = {Tom Tester},
title ={Misc with note},
note ={This is a note},
url ={www.url.com},
urldate ={2000-01-01},
doi={10234.98765},
year = {2000}
}


@website{websitewithnote,
keyword={website},
author = {Tom Tester},
title ={Website with a note},
note ={This is a note},
url ={www.url.com},
urldate ={2000-01-01},
doi={10234.32145}
}


@electronic{electronicwithnote,
keywords = {website},
author = {Tom Tester},
title ={Electronic with note},
note ={This is a note},
url ={www.url.com},
urldate ={2000-01-01},
doi={10234.32145},
year = {2000}
}


@unpublished{unpublishedwithnote,
author = {Tom Tester},
title ={Unpublished with note},
note ={This is a note},
url ={www.url.com},
urldate ={2000-01-01},
doi={10234.32145},
year = {2000}
}

@inbook{inbookwithnote,
author = {Tom Tester},
title ={Chapter with note},
note ={This is a note},
url ={www.url.com},
urldate ={2000-01-01},
doi={10234.32145},
booktitle ={A longer book},
year = {1999}
}
 

@techreport{rfc1654,  
    keywords = {standard},
    author = {Yakov Rekhter and Tony Li},
    shortauthor = {{RFC 1654}},
    title = {A {Border Gateway Protocol} 4 ({BGP-4})},
    howpublished = {Internet Requests for Comments},
    type= {RFC},
    number={1654},
    pages = {1-56},
    year = {1995},
    month = {7},
    issn = {2070-1721},
    publisher = {RFC Editor},
    institution = {RFC Editor},
    url={http://www.rfc-editor.org/rfc/rfc1654.txt}
} 
